<?xml version="1.0" encoding="UTF-8"?><record xmlns="http://www.loc.gov/MARC21/slim" xmlns:cinclude="http://apache.org/cocoon/include/1.0" xmlns:zs="http://www.loc.gov/zing/srw/">
  <leader>00587nz  a2200145n  4500</leader>
  <controlfield tag="001">nb2002079028</controlfield>
  <controlfield tag="003">DLC</controlfield>
  <controlfield tag="005">20020920061535.0</controlfield>
  <controlfield tag="008">020919n| acannaabn          |a aaa      </controlfield>
  <datafield tag="010" ind1=" " ind2=" ">
    <subfield code="a">nb2002079028</subfield>
  </datafield>
  <datafield tag="040" ind1=" " ind2=" ">
    <subfield code="a">Uk</subfield>
    <subfield code="b">eng</subfield>
    <subfield code="c">Uk</subfield>
  </datafield>
  <datafield tag="100" ind1="1" ind2=" ">
    <subfield code="a">Johnson, William</subfield>
    <subfield code="q">(William J.)</subfield>
  </datafield>
  <datafield tag="400" ind1="1" ind2=" ">
    <subfield code="a">Johnson, Bill</subfield>
    <subfield code="q">(Bill J.)</subfield>
  </datafield>
  <datafield tag="670" ind1=" " ind2=" ">
    <subfield code="a">Another child's Christmas in Wales, 2001:</subfield>
    <subfield code="b">t.p. (William Johnson) back cover (Bill Johnson; associate prof. of Theatre Arts at California State Univ., Chico)</subfield>
  </datafield>
  <datafield tag="670" ind1=" " ind2=" ">
    <subfield code="a">California State Univ. WWW site, 19 Sept. 2002:</subfield>
    <subfield code="b">Dept. of Theatre Arts staff page (William J. Johnson)</subfield>
  </datafield>
</record>